@book{LAGSpringer,
  title={Linear Algebraic Groups},
  author={T.A. Springer},
  year={1998},
  publisher={Birkhauser}
}

@book{coxrings,
  title={Cox Rings},
  author={Ivan Arzhantsev, Ulrich Derenthal, Juergen Hausen, Antonio Laface},
  year={2014},
  publisher={Cambridge University Press}
}

@misc{LAGBrion,
  title={Introduction to actions of algebraic groups},
  author={Michel Brion},
  howpublished = {\url{https://www-fourier.ujf-grenoble.fr/~mbrion/notes_luminy.pdf}},
  note = {Accessed: 2017-09-01}
}

@misc{LAGArzhantsev,
  title={LAGs},
  author={Ivan Arzhantsev},
  howpublished = {\url{http://www.numerical-tours.com}},
  note = {Accessed: 2017-09-01}
}


@article{santambrogio2015optimal,
  title={Optimal transport for applied mathematicians},
  author={Santambrogio, Filippo},
  journal={Birk{\"a}user, NY},
  year={2015},
  publisher={Springer}
}
